@inbook{Hastie:elementsStat:2001,
	author = {Hastie, T.  and Tibshirani, R.  and Friedman, J. },
	citeulike-article-id = {456183},
	keywords = {bibtex-import},
	priority = {0},
	publisher = {Springer},
	title = {The Elements of Statistical Learning},
	year = {2001}
}

@inbook{Bishop,
	author = {Chirstopher Bishop},
	keywords = {bibtex-import},
	priority = {0},
	publisher = {Springer},
	title = {Machine Learning and Pattern Recognition},
	year = {2006}
}

@misc{ chen-tutorial,
  author = "Pai-Hsuen Chen and Chih-Jen Lin and Bernhard Schölkopf",
  title = "A Tutorial on ν-Support Vector Machines",
  url = "citeseer.ist.psu.edu/605359.html" }

@article{Hearst,
 author = {Marti A. Hearst},
 title = {Support Vector Machines},
 journal = {IEEE Intelligent Systems},
 volume = {13},
 number = {4},
 year = {1998},
 issn = {1541-1672},
 pages = {18--28},
 doi = {http://dx.doi.org/10.1109/5254.708428},
 publisher = {IEEE Educational Activities Department},
 address = {Piscataway, NJ, USA},
 }

@techreport{Di,
 author = {Doina Caragea and Dianne Cook and Hadley Wickham and Vasant Honavar},
 title = {Visual Methods for examining SVM classifiers},
 year = {2006},
 }

@techreport{Raquel,
 author = {Raquel A. Romano and Celcilia Aragorn and Chris Ding},
 title = {Supernova Recognition using Support Vector Machines},
 year = {2006},
 }



