@inbook{Hastie:elementsStat:2001,
	author = {Hastie, T.  and Tibshirani, R.  and Friedman, J. },
	citeulike-article-id = {456183},
	keywords = {bibtex-import},
	priority = {0},
	publisher = {Springer},
	title = {The Elements of Statistical Learning},
	year = {2001}
}

@inbook{Bishop,
	author = {Chirstopher Bishop},
	keywords = {bibtex-import},
	priority = {0},
	publisher = {Springer},
	title = {Machine Learning and Pattern Recognition},
	year = {2006}
}

 @Manual{rpart,
    title = {rpart: Recursive Partitioning},
    author = {Terry M Therneau and Beth Atkinson. R port by Brian Ripley <ripley@stats.ox.ac.uk>.},
    year = {2006},
    note = {R package version 3.1-32},
    url = {http://mayoresearch.mayo.edu/mayo/research/biostat/splusfunctions.cfm},
  }


@book{546466,
 author = {Brian D. Ripley and N. L. Hjort},
 title = {Pattern Recognition and Neural Networks},
 year = {1995},
 isbn = {0521460867},
 publisher = {Cambridge University Press},
 address = {New York, NY, USA},
 }

@BOOK{cart84,
  author        = {L. Breiman and J. Friedman and R. Olshen and C. Stone},
  title         = {{Classification and Regression Trees}},
  publisher     = {Wadsworth and Brooks},
  address       = {Monterey, CA},
  year          = {1984},
  abstract      = {},
}

