@Book{Date,
  author = 	 {C. J. Date},
  title = 	 {An Introduction to Database Systems},
  edition =      {Eighth},
  publisher = 	 {Addison Wesley},
  year = 	 {2004}
}

@Book{Celko,
  author = 	 {J. Celko},
  title = 	 {SQL for Smarties: Advanced SQL Programming},
  edition =      {Second},
  publisher = 	 {Morgan Kaufmann},
  year = 	 {2000}
}

@Book{Rolland,
  author = 	 {R. D. Rolland},
  title = 	 {The Essence of Databases},
  publisher = 	 {Prentice-Hall},
  year = 	 {1998}
}

@Article{Ripley01,
  author = 	 {B. D. Ripley},
  title = 	 {Using Databases with {R}},
  journal = 	 {R News},
  volume =       {1},
  issue =	 {1},
  page =	 {18-20},
  year = 	 {2001}
}




@Book{Butcher,
  author = 	 {Anthony Butcher},
  title = 	 {SAMS Teach Yourself MySQL in 21 Days},
  publisher = 	 {Sams},
  year = 	 2002
}

