@Book{TCPIllustrated3,
  ALTauthor = 	 {W. Richard Stevens},
  ALTeditor = 	 {},
  title = 	 {TCP/IP Illustrated: TCP for Transactions, HTTP, NNTP and the UNIX Domain Protocols},
  publisher = 	 {Addison Wesley},
  year = 	 {1996},
  OPTkey = 	 {},
  OPTvolume = 	 {3},
  OPTnumber = 	 {},
  OPTseries = 	 {},
  OPTaddress = 	 {},
  OPTedition = 	 {},
  OPTmonth = 	 {},
  OPTnote = 	 {},
  OPTannote = 	 {}
}

