@Book{PracticeOfProgramming,
  author = 	 {Brian Kernighan and Rob Pike},
  title = 	 {The Practice of Programming},
  publisher = 	 {Addison Wesley},
  year = 	 1999
}

