@Book{GreenBook,
  author = 	 {John M. Chambers},
  title = 	 {Programming with {D}ata},
  publisher = 	 {Springer},
  year = 	 1999
}



